Query Results from the ADS Database


Retrieved 1 abstracts, starting with number 1.  Total number selected: 1.

@ARTICLE{1998AJ....115.1554E,
   author = {{Eisl{\"o}ffel}, J. and {Mundt}, R.},
    title = "{Imaging and Kinematic Studies of Young Stellar Object Jets in Taurus}",
  journal = {\aj},
 keywords = {ISM: JETS AND OUTFLOWS, ISM: KINEMATICS AND DYNAMICS},
     year = 1998,
    month = apr,
   volume = 115,
    pages = {1554-1575},
      doi = {10.1086/300282},
   adsurl = {http://adsabs.harvard.edu/abs/1998AJ....115.1554E},
  adsnote = {Provided by the SAO/NASA Astrophysics Data System}
}

Query Results from the ADS Database


Retrieved 1 abstracts, starting with number 1.  Total number selected: 1.

@ARTICLE{1988ApJ...332L..41K,
   author = {{Kwan}, J. and {Tademaru}, E.},
    title = "{Jets from T Tauri stars - Spectroscopic evidence and collimation mechanism}",
  journal = {\apjl},
 keywords = {Collimation, Pre-Main Sequence Stars, Radio Jets (Astronomy), Stellar Spectra, T Tauri Stars, Emission Spectra, Line Spectra, Stellar Envelopes, Stellar Magnetic Fields, Stellar Rotation, Stellar Winds},
     year = 1988,
    month = sep,
   volume = 332,
    pages = {L41-L44},
      doi = {10.1086/185262},
   adsurl = {http://adsabs.harvard.edu/abs/1988ApJ...332L..41K},
  adsnote = {Provided by the SAO/NASA Astrophysics Data System}
}

Query Results from the ADS Database


Retrieved 1 abstracts, starting with number 1.  Total number selected: 1.

@ARTICLE{2005ApJ...632L.135M,
   author = {{Matt}, S. and {Pudritz}, R.~E.},
    title = "{Accretion-powered Stellar Winds as a Solution to the Stellar Angular Momentum Problem}",
  journal = {\apjl},
   eprint = {astro-ph/0510060},
 keywords = {Accretion, Accretion Disks, Magnetohydrodynamics: MHD, Stars: Magnetic Fields, Stars: Pre-Main-Sequence, Stars: Rotation, Stars: Winds, Outflows},
     year = 2005,
    month = oct,
   volume = 632,
    pages = {L135-L138},
      doi = {10.1086/498066},
   adsurl = {http://adsabs.harvard.edu/abs/2005ApJ...632L.135M},
  adsnote = {Provided by the SAO/NASA Astrophysics Data System}
}

Query Results from the ADS Database


Retrieved 1 abstracts, starting with number 1.  Total number selected: 1.

@ARTICLE{1994ApJ...429..781S,
   author = {{Shu}, F. and {Najita}, J. and {Ostriker}, E. and {Wilkin}, F. and 
	{Ruden}, S. and {Lizano}, S.},
    title = "{Magnetocentrifugally driven flows from young stars and disks. 1: A generalized model}",
  journal = {\apj},
 keywords = {Astronomical Models, Centrifugal Force, Disk Galaxies, Magnetic Fields, Mass Flow, Protostars, Stellar Mass Accretion, T Tauri Stars, Angular Momentum, Numerical Analysis, Stellar Winds, Terminal Velocity},
     year = 1994,
    month = jul,
   volume = 429,
    pages = {781-796},
      doi = {10.1086/174363},
   adsurl = {http://adsabs.harvard.edu/abs/1994ApJ...429..781S},
  adsnote = {Provided by the SAO/NASA Astrophysics Data System}
}

Query Results from the ADS Database


Retrieved 1 abstracts, starting with number 1.  Total number selected: 1.

@ARTICLE{1982MNRAS.199..883B,
   author = {{Blandford}, R.~D. and {Payne}, D.~G.},
    title = "{Hydromagnetic flows from accretion discs and the production of radio jets}",
  journal = {\mnras},
 keywords = {Astrophysics, Energy Transfer, Magnetohydrodynamic Flow, Momentum Transfer, Radio Jets (Astronomy), Stellar Mass Accretion, Angular Momentum, Black Holes (Astronomy), Critical Point, Disks (Shapes), Solar Corona},
     year = 1982,
    month = jun,
   volume = 199,
    pages = {883-903},
      doi = {10.1093/mnras/199.4.883},
   adsurl = {http://adsabs.harvard.edu/abs/1982MNRAS.199..883B},
  adsnote = {Provided by the SAO/NASA Astrophysics Data System}
}

Query Results from the ADS Database


Retrieved 1 abstracts, starting with number 1.  Total number selected: 1.

@ARTICLE{2005ApJ...630..945A,
   author = {{Anderson}, J.~M. and {Li}, Z.-Y. and {Krasnopolsky}, R. and 
	{Blandford}, R.~D.},
    title = "{The Structure of Magnetocentrifugal Winds. I. Steady Mass Loading}",
  journal = {\apj},
   eprint = {astro-ph/0410704},
 keywords = {Accretion, Accretion Disks, ISM: Jets and Outflows, Magnetohydrodynamics: MHD, Stars: Formation, Stars: Mass Loss, Stars: Pre-Main-Sequence},
     year = 2005,
    month = sep,
   volume = 630,
    pages = {945-957},
      doi = {10.1086/432040},
   adsurl = {http://adsabs.harvard.edu/abs/2005ApJ...630..945A},
  adsnote = {Provided by the SAO/NASA Astrophysics Data System}
}

Query Results from the ADS Database


Retrieved 1 abstracts, starting with number 1.  Total number selected: 1.

@ARTICLE{1990ApJ...354..687C,
   author = {{Cabrit}, S. and {Edwards}, S. and {Strom}, S.~E. and {Strom}, K.~M.
	},
    title = "{Forbidden-line emission and infrared excesses in T Tauri stars - Evidence for accretion-driven mass loss?}",
  journal = {\apj},
 keywords = {Accretion Disks, Forbidden Bands, Infrared Radiation, Stellar Mass Accretion, Stellar Spectra, T Tauri Stars, Emission Spectra, H Alpha Line, Spectral Energy Distribution, Spectral Line Width, Stellar Envelopes, Stellar Luminosity, Stellar Winds},
     year = 1990,
    month = may,
   volume = 354,
    pages = {687-700},
      doi = {10.1086/168725},
   adsurl = {http://adsabs.harvard.edu/abs/1990ApJ...354..687C},
  adsnote = {Provided by the SAO/NASA Astrophysics Data System}
}

Query Results from the ADS Database


Retrieved 1 abstracts, starting with number 1.  Total number selected: 1.

@ARTICLE{2008ApJ...689.1112C,
   author = {{Coffey}, D. and {Bacciotti}, F. and {Podio}, L.},
    title = "{T Tauri Jet Physics Resolved Near the Launching Region with the Hubble Space Telescope}",
  journal = {\apj},
archivePrefix = "arXiv",
   eprint = {0808.0617},
 keywords = {ISM: jets and outflows, stars: formation, stars: individual: TH 28 DG Tau CW Tau HH 30 RW Aur, stars: pre-main sequence},
     year = 2008,
    month = dec,
   volume = 689,
    pages = {1112-1126},
      doi = {10.1086/592343},
   adsurl = {http://adsabs.harvard.edu/abs/2008ApJ...689.1112C},
  adsnote = {Provided by the SAO/NASA Astrophysics Data System}
}

Query Results from the ADS Database


Retrieved 1 abstracts, starting with number 1.  Total number selected: 1.

@ARTICLE{2009ASSP...13...99F,
   author = {{Ferreira}, J.},
    title = "{Self-Collimated Jets from Accretion Discs and Star-disc Interaction Zones}",
  journal = {Astrophysics and Space Science Proceedings},
 keywords = {Physics},
     year = 2009,
   volume = 13,
    pages = {99-110},
      doi = {10.1007/978-3-642-00576-3_12},
   adsurl = {http://adsabs.harvard.edu/abs/2009ASSP...13...99F},
  adsnote = {Provided by the SAO/NASA Astrophysics Data System}
}

Query Results from the ADS Database


Retrieved 1 abstracts, starting with number 1.  Total number selected: 1.

@ARTICLE{2007A&A...463.1039H,
   author = {{Hubrig}, S. and {Pogodin}, M.~A. and {Yudin}, R.~V. and {Sch{\"o}ller}, M. and 
	{Schnerr}, R.~S.},
    title = "{The magnetic field in the photospheric and circumstellar components of Herbig Ae stars}",
  journal = {\aap},
   eprint = {astro-ph/0610439},
 keywords = {stars: pre-main sequence, polarization, stars: magnetic fields, stars: circumstellar matter},
     year = 2007,
    month = mar,
   volume = 463,
    pages = {1039-1046},
      doi = {10.1051/0004-6361:20066090},
   adsurl = {http://adsabs.harvard.edu/abs/2007A%26A...463.1039H},
  adsnote = {Provided by the SAO/NASA Astrophysics Data System}
}

Query Results from the ADS Database


Retrieved 1 abstracts, starting with number 1.  Total number selected: 1.

@ARTICLE{2007MNRAS.376.1145W,
   author = {{Wade}, G.~A. and {Bagnulo}, S. and {Drouin}, D. and {Landstreet}, J.~D. and 
	{Monin}, D.},
    title = "{A search for strong, ordered magnetic fields in Herbig Ae/Be stars}",
  journal = {\mnras},
   eprint = {astro-ph/0701387},
 keywords = {polarization , stars: magnetic fields},
     year = 2007,
    month = apr,
   volume = 376,
    pages = {1145-1161},
      doi = {10.1111/j.1365-2966.2007.11495.x},
   adsurl = {http://adsabs.harvard.edu/abs/2007MNRAS.376.1145W},
  adsnote = {Provided by the SAO/NASA Astrophysics Data System}
}

Query Results from the ADS Database


Retrieved 1 abstracts, starting with number 1.  Total number selected: 1.

@ARTICLE{2013A&A...550L...1S,
   author = {{Schneider}, P.~C. and {Eisl{\"o}ffel}, J. and {G{\"u}del}, M. and 
	{G{\"u}nther}, H.~M. and {Herczeg}, G. and {Robrade}, J. and 
	{Schmitt}, J.~H.~M.~M.},
    title = "{HST FUV C iv observations of the hot DG Tauri jet}",
  journal = {\aap},
archivePrefix = "arXiv",
   eprint = {1212.6363},
 primaryClass = "astro-ph.SR",
 keywords = {stars: winds, outflows, stars: pre-main sequence, ISM: jets and outflows, ultraviolet: stars, stars: individual: DG Tauri},
     year = 2013,
    month = feb,
   volume = 550,
      eid = {L1},
    pages = {L1},
      doi = {10.1051/0004-6361/201118592},
   adsurl = {http://adsabs.harvard.edu/abs/2013A%26A...550L...1S},
  adsnote = {Provided by the SAO/NASA Astrophysics Data System}
}

Query Results from the ADS Database


Retrieved 1 abstracts, starting with number 1.  Total number selected: 1.

@INPROCEEDINGS{2011ASPC..448..617G,
   author = {{G{\"u}del}, M. and {Audard}, M. and {Bacciotti}, F. and {Bary}, J.~S. and 
	{Briggs}, K.~R. and {Cabrit}, S. and {Carmona}, A. and {Codella}, C. and 
	{Dougados}, C. and {Eisl{\"o}ffel}, J. and {Gueth}, F. and {G{\"u}nther}, H.~M. and 
	{Herczeg}, G. and {Kundurthy}, P. and {Matt}, S.~P. and {Mutel}, R.~L. and 
	{Ray}, T. and {Schmitt}, J.~H.~M.~M. and {Schneider}, P.~C. and 
	{Skinner}, S.~L. and {van Boekel}, R.},
    title = "{The Bipolar X-Ray Jet of the Classical T Tauri Star DG Tau}",
booktitle = {16th Cambridge Workshop on Cool Stars, Stellar Systems, and the Sun},
     year = 2011,
   series = {Astronomical Society of the Pacific Conference Series},
   volume = 448,
archivePrefix = "arXiv",
   eprint = {1101.2780},
 primaryClass = "astro-ph.SR",
   editor = {{Johns-Krull}, C. and {Browning}, M.~K. and {West}, A.~A.},
    month = dec,
    pages = {617},
   adsurl = {http://adsabs.harvard.edu/abs/2011ASPC..448..617G},
  adsnote = {Provided by the SAO/NASA Astrophysics Data System}
}

Query Results from the ADS Database


Retrieved 1 abstracts, starting with number 1.  Total number selected: 1.

@ARTICLE{2003ApJ...590L.107A,
   author = {{Anderson}, J.~M. and {Li}, Z.-Y. and {Krasnopolsky}, R. and 
	{Blandford}, R.~D.},
    title = "{Locating the Launching Region of T Tauri Winds: The Case of DG Tauri}",
  journal = {\apjl},
   eprint = {astro-ph/0304127},
 keywords = {ISM: Jets and Outflows, Magnetohydrodynamics: MHD, Stars: Formation, Stars: Individual: Constellation Name: DG Tauri, Stars: Pre-Main-Sequence},
     year = 2003,
    month = jun,
   volume = 590,
    pages = {L107-L110},
      doi = {10.1086/376824},
   adsurl = {http://adsabs.harvard.edu/abs/2003ApJ...590L.107A},
  adsnote = {Provided by the SAO/NASA Astrophysics Data System}
}

Query Results from the ADS Database


Retrieved 1 abstracts, starting with number 1.  Total number selected: 1.

@ARTICLE{2011ApJ...737...54B,
   author = {{Bonito}, R. and {Orlando}, S. and {Miceli}, M. and {Peres}, G. and 
	{Micela}, G. and {Favata}, F.},
    title = "{X-Ray Emission from Protostellar Jet HH 154: The First Evidence of a Diamond Shock?}",
  journal = {\apj},
archivePrefix = "arXiv",
   eprint = {1105.4081},
 primaryClass = "astro-ph.SR",
 keywords = {hydrodynamics, Herbig-Haro objects, ISM: jets and outflows, X-rays: ISM},
     year = 2011,
    month = aug,
   volume = 737,
      eid = {54},
    pages = {54},
      doi = {10.1088/0004-637X/737/2/54},
   adsurl = {http://adsabs.harvard.edu/abs/2011ApJ...737...54B},
  adsnote = {Provided by the SAO/NASA Astrophysics Data System}
}
Query Results from the ADS Database


Retrieved 1 abstracts, starting with number 1.  Total number selected: 1.

@ARTICLE{2009A&A...493..579G,
   author = {{G{\"u}nther}, H.~M. and {Matt}, S.~P. and {Li}, Z.-Y.},
    title = "{Revealing the fastest component of the DG Tauri outflow through X-rays}",
  journal = {\aap},
archivePrefix = "arXiv",
   eprint = {0811.1666},
 keywords = {stars: formation, stars: winds, outflows, stars:, individual: DG Tau, stars: mass-loss},
     year = 2009,
    month = jan,
   volume = 493,
    pages = {579-584},
      doi = {10.1051/0004-6361:200810886},
   adsurl = {http://adsabs.harvard.edu/abs/2009A%26A...493..579G},
  adsnote = {Provided by the SAO/NASA Astrophysics Data System}
}

Query Results from the ADS Database


Retrieved 1 abstracts, starting with number 1.  Total number selected: 1.

@ARTICLE{2008A&A...488L..13S,
   author = {{Schneider}, P.~C. and {Schmitt}, J.~H.~M.~M.},
    title = "{The nature of the soft X-ray source in DG Tauri}",
  journal = {\aap},
archivePrefix = "arXiv",
   eprint = {0807.2156},
 keywords = {stars: individual: DG Tauri, stars: winds, outflows, X-rays: stars, stars: pre-main sequence},
     year = 2008,
    month = sep,
   volume = 488,
    pages = {L13-L16},
      doi = {10.1051/0004-6361:200810261},
   adsurl = {http://adsabs.harvard.edu/abs/2008A%26A...488L..13S},
  adsnote = {Provided by the SAO/NASA Astrophysics Data System}
}

Query Results from the ADS Database


Retrieved 1 abstracts, starting with number 1.  Total number selected: 1.

@ARTICLE{2007ApJ...663..350C,
   author = {{Coffey}, D. and {Bacciotti}, F. and {Ray}, T.~P. and {Eisl{\"o}ffel}, J. and 
	{Woitas}, J.},
    title = "{Further Indications of Jet Rotation in New Ultraviolet and Optical Hubble Space Telescope STIS Spectra}",
  journal = {\apj},
   eprint = {astro-ph/0703271},
 keywords = {ISM: Jets and Outflows, Stars: Formation, Stars: Individual: Constellation Name: DG Tauri, Stars: Individual: Constellation Name: CW Tauri, Stars: Individual: Alphanumeric: TH 28, Stars: Individual: Alphanumeric: HH 30, Stars: Pre-Main-Sequence},
     year = 2007,
    month = jul,
   volume = 663,
    pages = {350-364},
      doi = {10.1086/518100},
   adsurl = {http://adsabs.harvard.edu/abs/2007ApJ...663..350C},
  adsnote = {Provided by the SAO/NASA Astrophysics Data System}
}

@ARTICLE{2011A&A...530A.123S,
       author = {{Schneider}, P.~C. and {G{\"u}nther}, H.~M. and {Schmitt}, J.~H.~M.~M.},
        title = "{The X-ray puzzle of the L1551 IRS 5 jet}",
      journal = {\aap},
     keywords = {stars: winds, outflows, X-rays: ISM, Herbig-Haro objects, ISM: jets and outflows, ISM: individual objects: HH 154, ISM: individual objects: L1551 IRS 5, Astrophysics - Solar and Stellar Astrophysics},
         year = "2011",
        month = "Jun",
       volume = {530},
          eid = {A123},
        pages = {A123},
          doi = {10.1051/0004-6361/201016305},
archivePrefix = {arXiv},
       eprint = {1105.1663},
 primaryClass = {astro-ph.SR},
       adsurl = {https://ui.adsabs.harvard.edu/\#abs/2011A&A...530A.123S},
      adsnote = {Provided by the SAO/NASA Astrophysics Data System}
}
